@article{ab2012,
    author  = "Manuel Amador and Kyle Bagwell",
    title   = "Tariff Revenue and Tariff Caps",
    year    = "2012",
    journal = "The American Economic Review: Papers and Proceedings",
    volume  = "102",
    number  = "3",
    pages   = "459--465"
}

@article{ab2013,
    author  = "Manuel Amador and Kyle Bagwell",
    title   = "The Theory of Optimal Delegation with an Application to Tariff Caps",
    year    = "2013",
    journal = "Econometrica",
    volume  = "81",
    number  = "4",
    pages   = "1541--1599"
}

@incollection{bagwell2008,
    author  = "Kyle Bagwell",
    title   = "Remedies in the WTO: An Economic Perspective",
    year    = "2008",
    booktitle = "The WTO: Governance, Dispute Settlement $\&$ Developing Countries",
    editor  = "Merit E. Janow and Victoria J. Donaldson and Alan Yanovich",
    publisher  = "Juris Publishing",
    pages   = "733--770",
}


@unpublished{bagwell2009,
    author  = "Kyle Bagwell",
    title   = "Self-Enforcing Trade Agreements and Private Information",
    note = "NBER Working Paper No. 14812",
    year    = "2009"
}

@article{br89,
    author  = "B. Douglas Bernheim and Debraj Ray",
    title   = "Collective Dynamic Consistency in Repeated Games",
    year    = "1989",
    journal = "Games and Economic Behavior",
    volume  = "1",
    number  = "4",
    pages   = "295--326"
}

@article{bs1990,
    author  = "Kyle Bagwell and Robert W. Staiger",
    title   = "A Theory of Managed Trade",
    year    = "1990",
    journal = "The American Economic Review",
    volume  = "80",
    number  = "4",
    pages   = "779--795"
}

@article{bs1997a,
    author  = "Kyle Bagwell and Robert W. Staiger",
    title   = "Multilateral Tariff Cooperation During the Formation of Customs Unions",
    year    = "1997",
    journal = "Journal of International Economics",
    volume  = "42",
    number  = "1",
    pages   = "91--123"
}

@article{bs1997b,
    author  = "Kyle Bagwell and Robert W. Staiger",
    title   = "Multilateral Tariff Cooperation During the Formation of Free Trade Areas",
    year    = "1997",
    journal = "International Economic Review",
    volume  = "38",
    number  = "2",
    pages   = "291--319"
}

@article{bs1999,
    author  = "Kyle Bagwell and Robert W. Staiger",
    title   = "An Economic Theory of GATT",
    year    = "1999",
    journal = "The American Economic Review",
    volume  = "89",
    number  = "1",
    pages   = "215--248"
}

@article{bs2001,
    author  = "Kyle Bagwell and Robert W. Staiger",
    title   = "Reciprocity, Non-discrimination and Preferential Agreements in the Multilateral Trading System",
    year    = "2001",
    journal = "European Journal of Political Economy",
    volume  = "17",
    number  = "2",
    pages   = "281--325"
}

@book{bs2002,
    author  = "Kyle Bagwell and Robert W. Staiger",
    title   = "The Economics of the World Trading System",
    year    = "2002",
    publisher = "MIT Press",
    location  = "Cambridge"
}

@article{bs2005,
    author  = "Kyle Bagwell and Robert W. Staiger",
    title   = "Enforcement, Private Political Pressure, and the General Agreement on Tariffs and Trade/World Trade Organization Escape Clause",
    year    = "2005",
    journal = "Journal of Legal Studies",
    volume  = "34",
    number  = "2",
    pages   = "471--513"
}

@article{baldwin,
    author  = "Richard E. Baldwin",
    title   = "Politically Realistic Objective Functions and Trade Policy: PROFs and Tariffs",
    year    = "1987",
    journal = "Economic Letters",
    volume  = "24",
    number  = "3",
    pages   = "287--290"
}

@article{bm93,
    author  = "Gary S. Becker and Kevin M. Murphy",
    title   = "Simple Theory of Advertising as a Good or Bad",
    year    = "1993",
    journal = "Quarterly Journal of Economics",
    volume  = "108",
    number  = "4",
    pages   = "942--964"
}

@unpublished{beshkar2013,
    author  = "Mostafa Beshkar",
    title   = "Arbitration and Renegotiation in Trade Agreements",
    note = "Available at \url{http://mypage.iu.edu/~mbeshkar/papers/ALR.pdf}",
    year    = "2013"
}

@article{beshkar2010a,
    author  = "Mostafa Beshkar",
    title   = "Optimal Remedies in International Trade Agreements",
    year    = "2010",
    journal = "European Economic Review",
    volume  = "54",
    number  = "1",
    pages   = "455--466"
}

@article{beshkar2010b,
    author  = "Mostafa Beshkar",
    title   = "Trade Skirmishes and Safeguards: A Theory of the {WTO} Dispute Settlement Process",
    year    = "2010",
    journal = "Journal of International Economics",
    volume  = "82",
    number  = "1",
    pages   = "35--48"
}

@article{bb,
    author  = "Mostafa Beshkar and Eric W. Bond",
    title   = "Cap and Escape in Trade Agreements",
    note = "Available at \url{https://www.aeaweb.org/articles?id=10.1257/mic.20160218&&from=f}",
    year    = "Forthcoming",
		journal = "American Economic Journal -- Microeconomics",
}

@article{bbr,
    author  = "Mostafa Beshkar and Eric W. Bond and Youngwoo Rho",
    title   = "Tariff Binding and Overhang: Theory and Evidence",
    year    = "2015",
		journal = "Journal of International Economics",
		volume  = "97",
    number  = "1",
    pages   = "1--13"
}


@article{bt,
    author  = "Matilde Bombardini and Francesco Trebbi",
    title   = "Competition and Political Organization: Together or Alone in Lobbying for Trade Policy",
    year    = "2012",
		journal = "Journal of International Economics",
		volume  = "87",
    number  = "1",
    pages   = "18--26"
}


@article{bown2002s,
  title={Why Are Safeguards Under the WTO so Unpopular?},
  author={Bown, Chad P.},
  journal={World Trade Review},
  volume={1},
  number={01},
  pages={47--62},
  year={2002},
}

@article{bown2002,
  title={The Economics of Trade Disputes, the GATT's Article XXIII, and the WTO's Dispute Settlement Understanding},
  author={Bown, Chad P.},
  journal={Economics \& Politics},
  volume={14},
  number={3},
  pages={283--323},
  year={2002},
}

@article{bown2004,
  title={Trade Disputes and the Implementation of Protection under the GATT: An Empirical Assessment},
  author={Chad P. Bown},
  journal={Journal of International Economics},
  volume={62},
  number={2},
  pages={263--294},
  year={2004},
}

@article{bown2005,
    author  = "Chad P. Bown",
    title   = "Trade Remedies and WTO Dispute Settlement: Why are So Few Challenged?",
    year    = "2005",
    journal = "Journal of Legal Studies",
    volume  = "34",
    number  = "2",
    pages   = "515--555"
}

@article{bc,
    author  = "Chad P. Bown and Meredith A. Crowley",
    title   = "Self-Enforcing Trade Agreements: Evidence from Time-Varying Trade Policy",
    year    = "2013",
    journal = "American Economic Review",
    volume  = "103",
    number  = "2",
    pages   = "1071--1090"
}

@article{buschrein,
    author  = "Marc L. Busch and Eric Reinhardt",
    title   = "Three's a Crowd",
    year    = "2006",
    journal = "World Politics",
    volume  = "58",
    pages   = "446--477"
}

@article{buzard2013b,
    author  = "Kristy Buzard",
    title   = "Trade Agreements in the Shadow of Lobbying",
		journal = "Review of International Economics",
    year    = "2017",
		volume  = "25",
    number  = "1",
    pages   = "21--43"
}

@unpublished{buzard2013a,
    author  = "Kristy Buzard",
    title   = "Self-enforcing Trade Agreements and Lobbying",
    note = "Available at \url{https://kbuzard.expressions.syr.edu/wp-content/uploads/Self-enforcing-Trade_Agreements.pdf}",
    year    = "2016"
}

@unpublished{buzard2014,
    author  = "Kristy Buzard",
    title   = "Endogenous Politics and the Design of Trade Agreements",
    note = "Available at \url{https://kbuzard.expressions.syr.edu/wp-content/uploads/Endogenous-Politics.pdf}",
    year    = "2017"
}

@article{coatesludema,
    author  = "Daniel E. Coates and Rodney D. Ludema",
    title   = "A Theory of Trade Policy Leadership",
    year    = "2001",
    journal = "Journal of Development Economics",
    volume  = "65",
    number  = "1",
    pages   = "1--29"
}

@unpublished{clz,
    author  = "Matthew T. Cole and James Lake and Ben Zissimos",
    title   = "Contesting an International Trade Agreement",
    note = "Available at \url{http://people.smu.edu/jlake/pdfs/TAcontest.pdf}",
    year    = "2017"
}




@article{cotmitch,
    author  = "Kevin D. Cotter and Shannon K. Mitchell",
    title   = "Renegotiation-Proof Tariff Agreements",
    year    = "1997",
    journal = "Review of International Economics",
    volume  = "5",
    number  = "3",
    pages   = "348--372"
}

@book{destler,
    author  = "I. M. Destler",
    title   = "American Trade Politics",
    year    = "2005",
    publisher = "Institute for International Economics",
    location  = "Washington, DC"
}

@article{dl,
    author  = "Allen Drazen and Nuno Limao",
    title   = "A Bargaining Theory of Inefficient Redistribution Policies",
    year    = "2008",
    journal = "International Economic Review",
    volume  = "49",
    number  = "2",
    pages   = "621--657"
}

@article{ethier,
    author  = "Wilfred J. Ethier",
    title   = "Punishments and Dispute Settlement in Trade Agreements: The Equivalent Withdrawal of Concessions",
    year    = "2005",
    journal = "KEIO Economic Studies",
    volume  = "42",
    number  = "1-2",
    pages   = "1--23"
}

@article{ethier2012,
    author  = "Wilfred J. Ethier",
    title   = "The Political-Support Approach to Protection",
    year    = "2012",
    journal = "Global Journal of Economics",
    volume  = "1",
    number  = "1",
    pages   = "1--14"
}

@article{dgh97,
    author  = "Avinash Dixit and Gene Grossman and Elhanan Helpman",
    title   = "Common Agency and Coordination: General Theory and Application to Government Policy Making",
    year    = "1997",
    journal = "Journal of Political Economy",
    volume  = "105",
    number  = "4",
    pages   = "752--769"
}

@inbook{dixit1987,
    author  = "Avinash Dixit",
    title   = "Strategic Aspects of Trade Policy",
    year    = "1987",
    booktitle = "Advances in Economic Theory: Fifth World Congress",
    editor  = "Truman F. Bewley",
    publisher  = "Cambridge University Press",
    location  = "New York",
    pages   = "329--362"
}

@article{ederington,
    author  = "Josh Ederington",
    title   = "International Coordination of Trade and Domestic Policies",
    year    = "2001",
    journal = "The American Economic Review",
    volume  = "91",
    number  = "5",
    pages   = "1580--1593"
}

@article{feenstralewis,
    author  = "Robert C. Feenstra and Tracy R. Lewis",
    title   = "Negotiated Trade Restrictions with Private Political Pressure",
    year    = "1991",
    journal = "The Quarterly Journal of Economics",
    volume  = "106",
    number  = "4",
    pages   = "1287--1307"
}

@article{fm89,
    author  = "Joseph Farrell and Eric Maskin",
    title   = "Renegotiation in Repeated Games",
    year    = "1989",
    journal = "Games and Economic Behavior",
    volume  = "1",
    number  = "4",
    pages   = "327--360"
}

@inbook{fw,
    author  = "Ronald Findlay and Stanislaw Wellisz",
    title   = "Endogenous Tariffs and the Political Economy of Trade Restrictions and Welfare",
    year    = "1982",
    booktitle = "Import Competition and Response",
    editor  = "Jagdish Bhagwati",
    publisher  = "University of Chicago",
    location  = "Chicago, IL",
		pages   = "223"
}

@article{greenporter,
    author  = "Edward J. Green and Robert H. Porter",
    title   = "Noncooperative Collusion under Imperfect Price Information",
    year    = "1984",
    journal = "Econometrica",
    volume  = "52",
    number  = "1",
    pages   = "87--100"
}

@article{gh94,
    author  = "Gene Grossman and Elhanan Helpman",
    title   = "Protection for Sale",
    year    = "1994",
    journal = "The American Economic Review",
    volume  = "84",
    number  = "4",
    pages   = "833--850"
}

@article{gh95,
    author  = "Gene Grossman and Elhanan Helpman",
    title   = "Trade Wars and Trade Talks",
    year    = "1995",
    journal = "The Journal of Political Economy",
    volume  = "103",
    number  = "4",
    pages   = "675--708"
}

@article{hms,
    author  = "Henrik Horn and Giovanni Maggi and Robert W. Staiger",
    title   = "Trade Agreements as Endogenously Incomplete Contracts",
    year    = "2010",
    journal = "American Economic Review",
    volume  = "100",
    number  = "1",
    pages   = "394--419"
}

@article{hungerford,
    author  = "Thomas L. Hungerford",
    title   = "GATT: A Cooperative Equilibrium in a Noncooperative Trading Regime?",
    year    = "1991",
    journal = "Journal of International Economics",
    volume  = "31",
    number  = "3",
    pages   = "357--369"
}

@article{krw,
    author  = "Mikhail Klimenko and Garey Ramey and Joel Watson",
    title   = "Recurrent Trade Agreements and the Value of External Enforcement",
    year    = "2008",
    journal = "Journal of International Economics",
    volume  = "74",
    number  = "2",
    pages   = "475--499"
}

@article{kovthurs,
    author  = "Dan Kovenock and Marie Thursby",
    title   = "GATT, Dispute Settlement and Cooperation",
    year    = "1992",
    journal = "Economics $\&$ Politics",
    volume  = "4",
    number  = "2",
    pages   = "151--170"
}

@article{ls,
    author  = "Nuno Lim\~ao and Kamal Saggi",
    title   = "Tariff Retaliation versus Financial Compensation in the Enforcement of International Trade Agreements",
    year    = "2008",
    journal = "Journal of International Economics",
    volume  = "76",
    number  = "1",
    pages   = "48--60"
}

@article{lt,
    author  = "Nuno Limao and Patricia Tovar",
    title   = "Policy Choice: Theory and Evidence from Commitment via International Trade Agreements",
    year    = "2011",
    journal = "Journal of International Economics",
    volume  = "85",
    number  = "2",
    pages   = "186--205"
}

}@article{lohohal,
    author  = "Susanne Lohmann and Sharyn O'Halloran",
    title   = "Divided Government and US Trade Policy: Theory and Evidence",
    year    = "1994",
    journal = "International Organization",
    volume  = "48",
    number  = "4",
    pages   = "595--632"
}

@article{longvousden,
    author  = "Ngo Van Long and Neil Vousden",
    title   = "Protectionist responses and declining industries",
    year    = "1991",
    journal = "Journal of International Economics",
    volume  = "30",
    number  = "1",
    pages   = "87--103"
}

@article{ludema2001,
    author  = "Rodney Ludema",
    title   = "Optimal International Trade Agreements and Dispute Settlement Procedures",
    year    = "2001",
    journal = "European Journal of Political Economy",
    volume  = "17",
    number  = "2",
    pages   = "355--376"
}

@article{maggi99,
    author  = "Giovanni Maggi",
    title   = "The Role of Multilateral Institutions in International Trade Cooperation",
    year    = "1999",
    journal = "The American Economic Review",
    volume  = "89",
    number  = "1",
    pages   = "190--214"
}

@article{mrc2007,
    author  = "Giovanni Maggi and Andr\'{e}s Rodr\'{i}guez-Clare",
    title   = "A Political-Economy Theory of Trade Agreements",
    year    = "2007",
    journal = "The American Economic Review",
    volume  = "97",
    number  = "4",
    pages   = "1374--1406"
}

@article{ms2011,
    author  = "Giovanni Maggi and Robert W. Staiger",
    title   = "The Role of Dispute Settlement Procedures in International Trade Agreements",
    year    = "2011",
    journal = "The Quarterly Journal of Economics",
    volume  = "126",
    number  = "1",
    pages   = "475--515"
}

@article{ms2012a,
    author  = "Giovanni Maggi and Robert W. Staiger",
    title   = "Optimal Design of Trade Agreements in the Presence of Renegotiation",
    year    = "2015",
    journal = "American Economic Journal: Microeconomics",
    volume  = "7",
    number  = "1",
    pages   = "109--143"
}

@article{ms2013,
    author  = "Giovanni Maggi and Robert W. Staiger",
    title   = "Trade Disputes and Settlement",
    note = "Available at \url{http://www.dartmouth.edu/~rstaiger/TradeDisputes_022215.pdf}",
    year    = "2015"
}

@article{martinvergote,
    author  = "Alberto Martin and Wouter Vergote",
    title   = "On the Role of Retaliation in Trade Agreements",
    year    = "2008",
    journal = "Journal of International Economics",
    volume  = "76",
    number  = "1",
    pages   = "61--77"
}

@book{mcm86,
    author  = "John McMillan",
    title   = "Game Theory in International Economics",
    year    = "1986",
    publisher = "Harwood",
    location  = "New York"
}

@inbook{mcm89,
    author  = "John McMillan",
    title   = "A Game-Theoretic View of International Trade Negotiations: Implications for the Developing Countries",
    year    = "1989",
    booktitle = "Developing Countries and the Global Trading System",
    volume  = "1",
    editor  = "John Whalley",
    publisher  = "University of Michigan Press",
    location  = "Ann Arbor, MI",
    pages   = "26--44"
}

@article{mr97,
    author  = "Helen V. Milner and B. Peter Rosendorff",
    title   = "Democratic Politics and International Trade Negotiations: Elections and Divided Government as Constraints on Trade Liberalization",
    year    = "1997",
    journal = "Journal of Conflict Resolution",
    volume  = "41",
    number  = "1",
    pages   = "117--146"
}

@article{mitra,
    author  = "Devashish Mitra",
    title   = "Endogenous Political Organization and the Value of Trade Agreements",
    year    = "2002",
    journal = "Journal of International Economics",
    volume  = "57",
    number  = "2",
    pages   = "473--485"
}

@unpublished{nos,
    author  = "Alessandro Nicita and Marcelo Olarreaga and Peri Silva",
    title   = "Cooperation in the Tariff Waters of the World Trade Organization",
    note = "Policy Issues in International Trade and Commodities Study Series No. 62",
    year    = "2014"
}

@article{park,
    author  = "Jee-Hyeong Park",
    title   = "Enforcing International Trade Agreements with Imperfect Private Monitoring",
    year    = "2011",
    journal = "Review of Economic Studies",
    volume  = "78",
    number  = "3",
    pages   = "1102--1134"
}

@article{riezman1991,
    author  = "Raymond Riezman",
    title   = "Dynamic Tariffs with Asymmetric Information",
    year    = "1991",
    journal = "Journal of International Economics",
    volume  = "30",
    number  = "3",
    pages   = "267--283"
}

@article{rosendorff,
    author  = "B. Peter Rosendorff",
    title   = "Politics and Design of the WTO's Dispute Settlement Procedure",
    year    = "2005",
    journal = "American Political Science Review",
    volume  = "99",
    number  = "3",
    pages   = "389--400"
}

@unpublished{song,
    author  = "Yeongkwan Song",
    title   = "Protection for Sale: Agenda-Setting and Ratification in the Presence of Lobbying",
    note = "Korea Institute for International Trade Policy Working Paper Series",
    month   = "August",
    year    = "2008",
    addendum = "Vol. 2008-22"
}

@article{sykes2003,
  title={The Safeguards Mess: A Critique of WTO Jurisprudence},
  author={Sykes, Alan O.},
  journal={World Trade Review},
  volume={2},
  number={03},
  pages={261--295},
  year={2003},
}

@article{zissimos,
    author  = "Ben Zissimos",
    title   = "The GATT and Gradualism",
    year    = "2007",
    journal = "Journal of International Economics",
    volume  = "71",
    number  = "2",
    pages   = "410--433"
}
